@Article{AMV09,
  author={E. Angelelli and R. Mansini and M. Vindigni},
  title={Exploring greedy criteria for the dynamic traveling purchaser problem},
  journal={Central European Journal of Operations Research},
  year=2009,
  volume={17},
  number={2},
  pages={141-158},
  month={June},
  keywords={Dynamic traveling purchaser problem;  Greedy heuristic algorithms;  Selection criteria},
}
